@String{cgforum = "Computer Graphics Forum"}
@String{tog = "ACM TOG"}

@article{Boids,
	AUTHOR = {Craig W. Reynolds},
		TITLE = {Flocks, Herds, and Schools: A Distributed Behavioral Model},
	JOURNAL = {Symbolics Graphics Division},
	VOLUME = {ACM SIGGRAPH 87},
	MONTH = July,	YEAR = {1987},	PAGES = {25-34}

}

@Online{CParker,
    AUTHOR = {Conrad Parker},
    TITLE = {Boids Pseudocode},
    YEAR = {2007}, MONTH = Sept.,
    url = "http://www.kfish.org/boids/pseudocode.html"

}

@online{vMall,
    AUTHOR = {Vijini Mallawaarachchi},
    TITLE = {Introduction to Genetic Algorithms},
    YEAR = "2017", MONTH = July,
    URL = "https://towardsdatascience.com/introduction-to-genetic-algorithms-including-example-code-e396e98d8bf3"
    
}

@online{wiki,
    AUTHOR = {Wikipedia},
    TITLE = {Quadtree},
    URL = "https://en.wikipedia.org/wiki/Quadtree"
}